% For online sources, can follow the following example.
% Note that wrapping text with an extra {} makes it verbatim in the reference output.
% For example, titles are normally in sentence-casing no matter what you put in here, but if you add {{IEEE Code of Ethics}} instead of {IEEE Code of Ethics} it comes out as "IEEE Code of Ethics" instead of Ieee Code of Ethics.

@online{ref1,
  author = {{\relax Texas Instruments}},
  title  = {{SN74LV4T125 Single Power Supply Quadruple Buffer}},
  year   = {2022},
  url    = {https://www.ti.com/lit/ds/symlink/sn74lv4t125.pdf}
}

@online{ref2,
  author = {{\relax Texas Instruments}},
  title  = {{TL97x Output Rail-To-Rail Very-Low-Noise Operational Amplifiers}},
  year   = {2015},
  url    = {https://www.ti.com/lit/ds/symlink/tl974.pdf}
}

@online{ref3,
  author = {{\relax Texas Instruments}},
  title  = {{TCAN1044A-Q1 Automotive Fault-Protected CAN FD Transceiver}},
  year   = {2021},
  url    = {https://www.ti.com/lit/ds/symlink/tcan1044a-q1.pdf}
}

@online{ref4,
  author = {{\relax Texas Instruments}},
  title  = {{INA219 Zer√∏-Drift, Bidirectional Current/Power Monitor}},
  year   = {2019},
  url    = {https://www.ti.com/lit/ds/symlink/ina219.pdf}
}

@online{ref5,
  author = {STMicroelectronics},
  title  = {{STM32F103C6}},
  year   = {2019},
  url    = {https://www.st.com/resource/en/datasheet/stm32f103c6.pdf}
}

@online{ref6,
  author = {IXYS},
  title  = {{CPC1004N Single-Pole Normally Open Relay}},
  year   = {2019},
  url    = {https://www.mouser.com/datasheet/2/240/media-3320037.pdf}
}

@online{ref7,
  author = {{\relax RC and RL Passive Filter Calculator}},
  title  = {{Low Pass/High Pass Filter Calculator}},
  year   = {2024},
  url    = {https://www.digikey.com/en/resources/conversion-calculators/conversion-calculator-low-pass-and-high-pass-filter}
}